@article{may1972will,
	title={Will a large complex system be stable?},
	author={May, Robert M},
	journal={Nature},
	volume={238},
	number={5364},
	pages={413--414},
	year={1972},
	publisher={Nature Publishing Group UK London}
}

@article{allesina2012stability,
	title={Stability criteria for complex ecosystems},
	author={Allesina, Stefano and Tang, Si},
	journal={Nature},
	volume={483},
	number={7388},
	pages={205--208},
	year={2012},
	publisher={Nature Publishing Group UK London}
}

@book{hirsch2013differential,
	title={Differential equations, dynamical systems, and an introduction to chaos},
	author={Hirsch, Morris W and Smale, Stephen and Devaney, Robert L},
	year={2013},
	publisher={Academic press}
}

@book{newman2018networks,
	title={Networks},
	author={Newman, Mark},
	year={2018},
	publisher={Oxford university press}
}

@book{posfai2016network,
	title={Network science},
	author={P{\'o}sfai, M{\'a}rton and Barab{\'a}si, Albert-L{\'a}szl{\'o}},
	volume={3},
	year={2016},
	publisher={Citeseer}
}

@book{may2019stability,
	title={Stability and complexity in model ecosystems},
	author={May, Robert M},
	year={2019},
	publisher={Princeton university press}
}

@book{may2007theoretical,
	title={Theoretical ecology: principles and applications},
	author={May, Robert and McLean, Angela R},
	year={2007},
	publisher={OUP Oxford}
}

@misc{CauchyLipschitzTheorem,
	author = {{Encyclopedia of Mathematics}},
	title = {Cauchy-Lipschitz theorem},
	howpublished = {\url{http://encyclopediaofmath.org/index.php?title=Cauchy-Lipschitz_theorem&oldid=30822}},
	note = {Consultado en: 2025-03-29}
}

@book{stickler2016basic,
	title={Basic concepts in computational physics},
	author={Stickler, Benjamin A and Schachinger, Ewald},
	year={2016},
	publisher={Springer}
}

@misc{HadamardProduct,
	author = {{Encyclopedia of Mathematics}},
	title = {Matrix multiplication},
	howpublished = 
	{\url{http://encyclopediaofmath.org/index.php?title=Matrix_multiplication&oldid=54363}},
	note = {Consultado en: 2025-04-08}
}

@misc{GershgorinTheorem,
	author = {{Encyclopedia of Mathematics}},
	title = {Gershgorin theorem},
	howpublished = 
	{\url{http://encyclopediaofmath.org/index.php?title=Gershgorin_theorem&oldid=55529}},
	note = {Consultado en: 2025-04-10}
}

@article{girko1985circular,
	title={Circular law},
	author={Girko, Vyacheslav L},
	journal={Theory of Probability \& Its Applications},
	volume={29},
	number={4},
	pages={694--706},
	year={1985},
	publisher={SIAM}
}

@article{altieri2021properties,
	title={Properties of equilibria and glassy phases of the random Lotka-Volterra model with demographic noise},
	author={Altieri, Ada and Roy, Felix and Cammarota, Chiara and Biroli, Giulio},
	journal={Physical Review Letters},
	volume={126},
	number={25},
	pages={258301},
	year={2021},
	publisher={APS}
}

@article{bunin2017ecological,
	title={Ecological communities with Lotka-Volterra dynamics},
	author={Bunin, Guy},
	journal={Physical Review E},
	volume={95},
	number={4},
	pages={042414},
	year={2017},
	publisher={APS}
}

@article{biroli2018marginally,
	title={Marginally stable equilibria in critical ecosystems},
	author={Biroli, Giulio and Bunin, Guy and Cammarota, Chiara},
	journal={New Journal of Physics},
	volume={20},
	number={8},
	pages={083051},
	year={2018},
	publisher={IOP Publishing}
}


